<record><leader>00000cas a22000007a 4500</leader><controlfield tag="001">21074237</controlfield><controlfield tag="008">900216d19221927mnudn n       0    0eng d</controlfield><datafield ind1=" " ind2=" " tag="010"><subfield code="a">sn 90059205 </subfield></datafield><datafield ind1=" " ind2=" " tag="040"><subfield code="a">MN#</subfield><subfield code="b">eng</subfield><subfield code="c">MN#</subfield><subfield code="d">NSD</subfield><subfield code="d">OCLCQ</subfield><subfield code="d">OCLCF</subfield><subfield code="d">OCLCO</subfield></datafield><datafield ind1=" " ind2=" " tag="042"><subfield code="a">msc</subfield></datafield><datafield ind1=" " ind2=" " tag="043"><subfield code="a">n-us-mn</subfield></datafield><datafield ind1=" " ind2=" " tag="052"><subfield code="a">4144</subfield><subfield code="b">H6</subfield></datafield><datafield ind1=" " ind2=" " tag="052"><subfield code="a">4143</subfield><subfield code="b">S2</subfield></datafield><datafield ind1="0" ind2="0" tag="245"><subfield code="a">Hibbing daily news.</subfield></datafield><datafield ind1=" " ind2=" " tag="260"><subfield code="a">Hibbing, Saint Louis County, Minn. :</subfield><subfield code="b">Claude M. Atkinson, Marc Atkinson,</subfield><subfield code="c">1922-1927.</subfield></datafield><datafield ind1=" " ind2=" " tag="300"><subfield code="a">6 v.</subfield></datafield><datafield ind1=" " ind2=" " tag="310"><subfield code="a">Daily (except Sat.),</subfield><subfield code="b">Jan. 3, 1927-Dec. 2, 1927</subfield></datafield><datafield ind1=" " ind2=" " tag="321"><subfield code="a">Daily (except Mon.),</subfield><subfield code="b">Dec. 23, 1922-Jan. 2, 1927</subfield></datafield><datafield ind1="0" ind2=" " tag="362"><subfield code="a">3rd year, no. 275 (Dec. 23, 1922)-8th year, no. 258 (Dec. 2, 1927).</subfield></datafield><datafield ind1=" " ind2=" " tag="515"><subfield code="a">Issues for Dec. 23, 1922-Dec. 2, 1927 numbered also The Mesaba Ore, 21st year-The Mesaba Ore, 26th year.</subfield></datafield><datafield ind1=" " ind2="0" tag="651"><subfield code="a">Hibbing (Minn.)</subfield><subfield code="v">Newspapers.</subfield></datafield><datafield ind1=" " ind2="7" tag="655"><subfield code="a">Newspapers.</subfield><subfield code="2">fast</subfield><subfield code="0">(OCoLC)fst01423814</subfield></datafield><datafield ind1=" " ind2="7" tag="651"><subfield code="a">Minnesota</subfield><subfield code="z">Hibbing.</subfield><subfield code="2">fast</subfield><subfield code="0">(OCoLC)fst01220392</subfield></datafield><datafield ind1=" " ind2=" " tag="752"><subfield code="a">United States</subfield><subfield code="b">Minnesota</subfield><subfield code="c">Saint Louis</subfield><subfield code="d">Hibbing.</subfield></datafield><datafield ind1="0" ind2="0" tag="780"><subfield code="t">Hibbing daily news and the Mesaba ore</subfield><subfield code="w">(DLC)sn 90059204</subfield></datafield><datafield ind1="0" ind2="4" tag="785"><subfield code="t">Hibbing daily tribune</subfield><subfield code="x">1075-4040</subfield><subfield code="w">(DLC)sn 90059206</subfield></datafield></record>